<record><leader>00000cas a22000007a 4500</leader><controlfield tag="001">10211205</controlfield><controlfield tag="008">831212d18471850riudn ne      0    0eng d</controlfield><datafield ind1=" " ind2=" " tag="010"><subfield code="a">sn 83021417 </subfield></datafield><datafield ind1=" " ind2=" " tag="040"><subfield code="a">NPX</subfield><subfield code="b">eng</subfield><subfield code="c">NPX</subfield><subfield code="d">DLC</subfield><subfield code="d">RHN</subfield><subfield code="d">OCL</subfield><subfield code="d">RHN</subfield><subfield code="d">OCL</subfield><subfield code="d">UKMGB</subfield><subfield code="d">OCLCF</subfield><subfield code="d">OCLCO</subfield></datafield><datafield ind1="7" ind2=" " tag="016"><subfield code="a">013914977</subfield><subfield code="2">Uk</subfield></datafield><datafield ind1=" " ind2=" " tag="019"><subfield code="a">10211634</subfield></datafield><datafield ind1="1" ind2=" " tag="029"><subfield code="a">AU@</subfield><subfield code="b">000020124122</subfield></datafield><datafield ind1=" " ind2=" " tag="042"><subfield code="a">msc</subfield></datafield><datafield ind1="0" ind2="0" tag="050"><subfield code="a">Newspaper 9654-X</subfield></datafield><datafield ind1="0" ind2=" " tag="130"><subfield code="a">Daily evening transcript (Providence, R.I.)</subfield></datafield><datafield ind1="0" ind2="4" tag="245"><subfield code="a">The daily evening transcript.</subfield></datafield><datafield ind1="1" ind2="0" tag="246"><subfield code="a">Daily evening transcript and free soil advocate</subfield></datafield><datafield ind1=" " ind2=" " tag="260"><subfield code="a">Providence, R.I. :</subfield><subfield code="b">Greene &amp; Shaw,</subfield></datafield><datafield ind1=" " ind2=" " tag="300"><subfield code="a">v.</subfield></datafield><datafield ind1=" " ind2=" " tag="310"><subfield code="a">Daily (except Sun.)</subfield></datafield><datafield ind1="0" ind2=" " tag="362"><subfield code="a">Vol. 7, new ser., whole no. 1005 (Apr. 14, 1847)-v. 7, new ser., whole no. 1225 (Dec. 31, 1847) ; v. 8, no. 1 (Jan. 1, 1848)-v. 10, no. 64 (Mar. 16, 1850).</subfield></datafield><datafield ind1=" " ind2=" " tag="500"><subfield code="a">Published as: Daily evening transcript and free soil advocate, Sept. 7, 1848-May 8, 1849.</subfield></datafield><datafield ind1=" " ind2=" " tag="500"><subfield code="a">"Whig."</subfield></datafield><datafield ind1=" " ind2=" " tag="530"><subfield code="a">Also available on microfilm from Bell &amp; Howell, Micro Photo Div.</subfield></datafield><datafield ind1=" " ind2=" " tag="580"><subfield code="a">Weekly ed.: Weekly transcript (Providence, R.I. : 1844), 1847-1849.</subfield></datafield><datafield ind1=" " ind2="0" tag="651"><subfield code="a">Providence (R.I.)</subfield><subfield code="v">Newspapers.</subfield></datafield><datafield ind1=" " ind2="7" tag="655"><subfield code="a">Newspapers.</subfield><subfield code="2">fast</subfield><subfield code="0">(OCoLC)fst01423814</subfield></datafield><datafield ind1=" " ind2="7" tag="651"><subfield code="a">Rhode Island</subfield><subfield code="z">Providence.</subfield><subfield code="2">fast</subfield><subfield code="0">(OCoLC)fst01204977</subfield></datafield><datafield ind1=" " ind2=" " tag="752"><subfield code="a">United States</subfield><subfield code="b">Rhode Island</subfield><subfield code="c">Providence</subfield><subfield code="d">Providence.</subfield></datafield><datafield ind1="1" ind2=" " tag="775"><subfield code="t">Weekly transcript (Providence, R.I. : 1844)</subfield><subfield code="w">(DLC)sn 83021414</subfield></datafield><datafield ind1="0" ind2="0" tag="780"><subfield code="t">Daily transcript &amp; chronicle</subfield><subfield code="w">(DLC)sn 83021416</subfield></datafield></record>